<record><leader>00000cas a2200000 a 4500</leader><controlfield tag="001">26323636</controlfield><controlfield tag="008">920803d19911991gs dn ne      0    0rus c</controlfield><datafield ind1=" " ind2=" " tag="010"><subfield code="a">sn 92017276 </subfield></datafield><datafield ind1=" " ind2=" " tag="040"><subfield code="a">CLU</subfield><subfield code="b">eng</subfield><subfield code="c">CLU</subfield><subfield code="d">HUL</subfield><subfield code="d">CAS</subfield><subfield code="d">IUL</subfield><subfield code="d">WAU</subfield><subfield code="d">OCLCQ</subfield><subfield code="d">IUL</subfield><subfield code="d">OCLCF</subfield><subfield code="d">OCLCO</subfield></datafield><datafield ind1=" " ind2=" " tag="066"><subfield code="c">(N</subfield></datafield><datafield ind1=" " ind2=" " tag="012"><subfield code="i">9207</subfield></datafield><datafield ind1="1" ind2=" " tag="029"><subfield code="a">AU@</subfield><subfield code="b">000020729299</subfield></datafield><datafield ind1=" " ind2=" " tag="030"><subfield code="a">VESGEX</subfield></datafield><datafield ind1=" " ind2=" " tag="042"><subfield code="a">pcc</subfield></datafield><datafield ind1=" " ind2=" " tag="043"><subfield code="a">a-gs---</subfield></datafield><datafield ind1="0" ind2="0" tag="245"><subfield code="6">880-01</subfield><subfield code="a">Vestnik Gruzii :</subfield><subfield code="b">organ Verkhovnogo Soveta Respubliki Gruzii&#65056;a&#65057;.</subfield></datafield><datafield ind1=" " ind2=" " tag="260"><subfield code="a">T&#699;bilisi :</subfield><subfield code="b">Samshoblo,</subfield><subfield code="c">1991.</subfield></datafield><datafield ind1=" " ind2=" " tag="300"><subfield code="a">55 v. :</subfield><subfield code="b">ill. ;</subfield><subfield code="c">60 cm.</subfield></datafield><datafield ind1=" " ind2=" " tag="310"><subfield code="a">Five issues weekly</subfield></datafield><datafield ind1="0" ind2=" " tag="362"><subfield code="6">880-02</subfield><subfield code="a">No 1 (1 fevr. 1991 g.)-no 55 (9 apr. 1991 g.).</subfield></datafield><datafield ind1=" " ind2=" " tag="500"><subfield code="a">Title also in Georgian script.</subfield></datafield><datafield ind1=" " ind2=" " tag="546"><subfield code="a">In Russian.</subfield></datafield><datafield ind1=" " ind2="0" tag="651"><subfield code="a">T&#699;bilisi (Georgia)</subfield><subfield code="v">Newspapers.</subfield></datafield><datafield ind1=" " ind2="7" tag="655"><subfield code="a">Newspapers.</subfield><subfield code="2">fast</subfield><subfield code="0">(OCoLC)fst01423814</subfield></datafield><datafield ind1=" " ind2="7" tag="651"><subfield code="a">Georgia (Republic)</subfield><subfield code="z">T&#699;bilisi.</subfield><subfield code="2">fast</subfield><subfield code="0">(OCoLC)fst01206337</subfield></datafield><datafield ind1="1" ind2=" " tag="710"><subfield code="a">Georgian S.S.R.</subfield><subfield code="b">Umag&#775;lesi sabc&#780;o.</subfield></datafield><datafield ind1=" " ind2=" " tag="752"><subfield code="a">Georgia (Republic)</subfield><subfield code="d">T&#699;bilisi.</subfield></datafield><datafield ind1="0" ind2="0" tag="780"><subfield code="6">880-03</subfield><subfield code="t">Zarii&#65056;a&#65057; Vostoka</subfield><subfield code="w">(DLC)sn 91028281</subfield><subfield code="w">(OCoLC)5395948</subfield></datafield><datafield ind1="0" ind2="0" tag="785"><subfield code="6">880-04</subfield><subfield code="t">Svobodnai&#65056;a&#65057; Gruzii&#65056;a&#65057;</subfield><subfield code="w">(DLC)sn 91027134</subfield><subfield code="w">(OCoLC)24167481</subfield></datafield><datafield ind1=" " ind2=" " tag="850"><subfield code="a">CLU</subfield><subfield code="a">MH-R</subfield></datafield><datafield ind1="0" ind2="0" tag="880"><subfield code="6">245-01/(N</subfield><subfield code="a">&#1042;&#1077;&#1089;&#1090;&#1085;&#1080;&#1082; &#1043;&#1088;&#1091;&#1079;&#1080;&#1080; :</subfield><subfield code="b">&#1086;&#1088;&#1075;&#1072;&#1085; &#1042;&#1077;&#1088;&#1093;&#1086;&#1074;&#1085;&#1086;&#1075;&#1086; &#1057;&#1086;&#1074;&#1077;&#1090;&#1072; &#1056;&#1077;&#1089;&#1087;&#1091;&#1073;&#1083;&#1080;&#1082;&#1080; &#1043;&#1088;&#1091;&#1079;&#1080;&#1103;.</subfield></datafield><datafield ind1="0" ind2=" " tag="880"><subfield code="6">362-02/(N</subfield><subfield code="a">N&#1086; 1 (1 &#1092;&#1077;&#1074;&#1088;. 1991 &#1075;.)-n&#1086; 55 (9 &#1072;&#1087;&#1088;. 1991 &#1075;.).</subfield></datafield><datafield ind1="0" ind2="0" tag="880"><subfield code="6">780-03/(N</subfield><subfield code="t">&#1047;&#1072;&#1088;&#1080;&#1103; &#1042;&#1086;&#1089;&#1090;&#1086;&#1082;&#1072;</subfield><subfield code="w">(DLC)sn 91028281</subfield><subfield code="w">(OCoLC)5395948</subfield></datafield><datafield ind1="0" ind2="0" tag="880"><subfield code="6">785-04/(N</subfield><subfield code="t">&#1057;&#1074;&#1086;&#1073;&#1086;&#1076;&#1085;&#1072;&#1103; &#1043;&#1088;&#1091;&#1079;&#1080;&#1103;</subfield><subfield code="w">(DLC)sn 91027134</subfield><subfield code="w">(OCoLC)24167481</subfield></datafield></record>